@book{Munkres:Topology,
  title     = {Topology},
  author    = {James Munkres},
  publisher = {Prentice Hall, Inc},
  isbn      = {9780131816299; 0131816292},
  year      = {2000},
  edition   = {2nd ed}
}